
@book{fried_measurement_2008,
	address = {New York},
	title = {The measurement of productive efficiency and productivity growth},
	isbn = {9780195183528},
	lccn = {HD56.25 .M4356 2008},
	publisher = {Oxford University Press},
	author = {Fried, Harold O. and Lovell, C. A. Knox and Schmidt, Shelton S.},
	year = {2008},
	keywords = {Industrial efficiency, Industrial productivity, Measurement}
}